<?xml version="1.0" encoding="UTF-8"?><record xmlns="http://www.loc.gov/MARC21/slim" xmlns:cinclude="http://apache.org/cocoon/include/1.0" xmlns:zs="http://www.loc.gov/zing/srw/">
  <leader>00626nz  a2200157n  4500</leader>
  <controlfield tag="001">n 2010001220</controlfield>
  <controlfield tag="003">DLC</controlfield>
  <controlfield tag="005">20100108075251.0</controlfield>
  <controlfield tag="008">100107n| acannaabn          |b aaa      </controlfield>
  <datafield tag="010" ind1=" " ind2=" ">
    <subfield code="a">n 2010001220</subfield>
  </datafield>
  <datafield tag="040" ind1=" " ind2=" ">
    <subfield code="a">DLC</subfield>
    <subfield code="b">eng</subfield>
    <subfield code="c">DLC</subfield>
  </datafield>
  <datafield tag="100" ind1="1" ind2=" ">
    <subfield code="a">Kim, Chu-mi</subfield>
  </datafield>
  <datafield tag="400" ind1="1" ind2=" ">
    <subfield code="a">김 주미</subfield>
  </datafield>
  <datafield tag="400" ind1="1" ind2=" ">
    <subfield code="a">金 株美</subfield>
  </datafield>
  <datafield tag="667" ind1=" " ind2=" ">
    <subfield code="a">Non-Latin script reference not evaluated</subfield>
  </datafield>
  <datafield tag="670" ind1=" " ind2=" ">
    <subfield code="a">Hyŏndaein ŭi parŭn Kugŏ saenghwal, 2005:</subfield>
    <subfield code="b">t.p. (김 주미 = Kim Chu-mi) front flap (munhak paksa, Han'gugŏ t'ongsa ŭimiron chŏn'gong; lecturer, Kŏn'guk Taehakkyo Kugŏ Kungmun Hakkwa &amp; Ch'unch'ŏn Kyoyuk Taehakkyo Kugŏ Kyoyukkwa; 金 株美)</subfield>
  </datafield>
</record>